@MANUAL {e.j.schioppa2020,
    title  = "Understanding the Aurora protocol",
    author = "E.J. Schioppa",
    month  = "apr",
    year   = "2020"
}
@ONLINE {siemensdigitalindustriessoftware2023,
    author = "Siemens Digital Industries Software",
    title  = "Tessent Embedded Analytics A summary guide",
    month  = "feb",
    year   = "2023",
    url    = "https://www.tessentembeddedanalytics.com/technology-2/semiconductor-ip/"
}
@ONLINE {tessentsolutions2021,
    author = "Tessent Solutions",
    title  = "Tessent SystemInsight: simultaneous analysis of hardware and software in complex SoC designs",
    month  = "jul",
    year   = "2021",
    url    = "https://blogs.sw.siemens.com/tessent/2021/07/22/tessent-systeminsight-simultaneous-analysis-of-hardware-and-software-in-complex-soc-designs/"
}
@MANUAL {robertmurphy2017,
    title  = "USB 101: An Introduction to Universal Serial Bus 2.0",
    author = "Robert Murphy",
    month  = "may",
    year   = "2017"
}
@ONLINE {hackinformer2018,
    author = "hackinformer",
    title  = "How to run the homebrew menu on the Nintendo Switch",
    month  = "jul",
    year   = "2018",
    url    = "https://hackinformer.com/2018/07/29/jailbreak-how-to-run-homebrew-the-nintendo-switch-hack/"
}
@ONLINE {tomnardi2018,
    author = "Tom Nardi",
    title  = "Nintendo Switch Gets Internal Trinket Hardmod",
    month  = "jul",
    year   = "2018",
    url    = "https://hackaday.com/2018/07/01/nintendo-switch-gets-internal-trinket-hardmod/"
}
@ONLINE {wikipedia2023,
    author = "Wikipedia",
    title  = "Advanced eXtensible Interface",
    month  = "aug",
    year   = "2023",
    url    = "https://en.wikipedia.org/wiki/Advanced_eXtensible_Interface"
}
@MANUAL {siemens2023_aur_ug,
    title        = "Aurora Communicator User Guide",
    organization = "Siemens Industry Software, Inc.",
    edition      = "UL-004451-TR (revision 5)",
    month        = "mar",
    year         = "2023"
}
@MANUAL {siemens2023_aur_int,
    title        = "Aurora Communicator Integration Guide",
    organization = "Siemens Industry Software, Inc.",
    edition      = "UL-004452-TR (revision 8)",
    month        = "mar",
    year         = "2023"
}
@MANUAL {siemens2023_sm_ug,
    title        = "Status Monitor User Guide",
    organization = "Siemens Industry Software, Inc.",
    edition      = "UL-000238-TR (revision 33)",
    month        = "may",
    year         = "2023"
}
@MANUAL {siemens2023_sm_int,
    title        = "Status Monitor Integration Guide",
    organization = "Siemens Industry Software, Inc.",
    edition      = "UL-000590-TR (revision 23)",
    month        = "apr",
    year         = "2023"
}
@MANUAL {siemens2021,
    title        = "An Introduction to the Tessent Embedded Analytics Architecture",
    organization = "Mentor Graphics Corporation, Siemens Industry Software Inc.",
    edition      = "UL-000566-TR (revision 11)",
    month        = "apr",
    year         = "2021"
}
@MANUAL {siemens2022,
    title        = "Application Note: Running PyLink with Example Sub-system",
    organization = "Siemens Industry Software, Inc.",
    edition      = "UL-003873-AN (revision 4)",
    month        = "may",
    year         = "2022"
}
@MANUAL {intel2023,
    title        = "PHY Interface for the PCI Express*, SATA, USB 3.2, DisplayPort*, and USB4* Architectures",
    organization = "Intel Corporation",
    edition      = "Revision 6.2.1",
    month        = "may",
    year         = "2023"
}
@MANUAL {xilinx2014,
    title        = "Aurora 8B/10B Protocol Specification",
    organization = "Xilinx, Inc.",
    edition      = "SP002 (v2.3)",
    month        = "oct",
    year         = "2014"
}
@MANUAL {corelis,
    title        = "JTAG Tutorial",
    organization = "Corelis, Inc."
}
@MANUAL {lattice2015,
    title        = "8b/10b Encoder/Decoder",
    organization = "Lattice Semiconductor",
    month        = "jan",
    year         = "2015"
}
@MANUAL {arm2023,
    title        = "AMBAÂ® AXI Protocol Specification",
    organization = "Arm Limited",
    edition      = "ARM IHI 0022",
    month        = "mar",
    year         = "2023"
}
@MANUAL {siemens2022_sysins_ins,
    title        = "Tessent SystemInsight Installation Guide",
    organization = "Siemens Industry Software, Inc.",
    month        = "dec",
    year         = "2022"
}
@MANUAL {siemens2022_sysins_ug,
    title        = "Tessent SystemInsight User Guide",
    organization = "Siemens Industry Software, Inc.",
    month        = "dec",
    year         = "2022"
}