@misc{utah_lecture8,
  title={Lecture 8: Branch Prediction, Dynamic ILP, CS6810 Course},
  author={University of Utah},
  howpublished={CS6810 Course Material},
  note={University of Utah}
}

@misc{ucb_cs61c,
  title={Pipelining I, II, III -- Great Ideas in Computer Architecture (Machine Structures)},
  author={Garcia, Dan and Yokota, Justin},
  howpublished={CS61C Course Material},
  year={2023},
  note={University of California, Berkeley}
}

@misc{cao_cpu_design,
  title={Pipelining and Branch Prediction},
  author={{Hai Cao}},
  howpublished={EE4423},
  month={April},
  year={2023},
  note={Dept. of Electronics Engineering, Ho Chi Minh City University of Technology}
}

@article{miyazaki2020rvcorep,
  title={RVCoreP: An optimized RISC-V soft processor of five-stage pipelining},
  author={Miyazaki, Hiromu and Kanamori, Takuto and Islam, Md Ashraful and Kise, Kenji},
  journal={The Institute of Electronics, Information and Communication Engineers},
  year={2020},
  url={https://arxiv.org/pdf/2002.03568.pdf}
}

@misc{eecc550,
  title={CPU Performance Evaluation: Cycles Per Instruction (CPI)},
  author={Shaaban},
  howpublished={EECC550 - Shaaban},
  month={December},
  year={2011},
  url={http://meseec.ce.rit.edu/eecc550-winter2011/550-12-6-2011.pdf}
}

@online{juurlink_course,
  author={Juurlink, Ben H.},
  title={Course 2 ILP, DLP, TLP},
  year={2018},
  url={https://www.youtube.com/playlist?list=PLeWkeA7esB-PcOTrTCvAsaCArnCMQkcNv},
  organization={YouTube}
}
@online{mutlu_ddca_lecture17,
  author = {Mutlu, Onur},
  title = {Digital Design and Computer Architecture - Lecture 17: Advanced Branch Prediction},
  year = {2023},
  url = {https://www.youtube.com/watch?v=g9H_79ITdbM},
  organization = {YouTube},
  month = {April},
  day = {28}
}
